<record><leader>00000cas a22000007a 4500</leader><controlfield tag="001">22435221</controlfield><controlfield tag="008">900925d19331934nyuwr ne      0    0eng d</controlfield><datafield ind1=" " ind2=" " tag="010"><subfield code="a">sn 90066274 </subfield></datafield><datafield ind1=" " ind2=" " tag="040"><subfield code="a">NYS</subfield><subfield code="b">eng</subfield><subfield code="c">NYS</subfield><subfield code="d">OCLCQ</subfield></datafield><datafield ind1=" " ind2=" " tag="042"><subfield code="a">msc</subfield></datafield><datafield ind1="0" ind2=" " tag="130"><subfield code="a">New deal (Poughkeepsie, N.Y.)</subfield></datafield><datafield ind1="1" ind2="4" tag="245"><subfield code="a">The new deal.</subfield></datafield><datafield ind1=" " ind2=" " tag="260"><subfield code="a">Poughkeepsie, N.Y. :</subfield><subfield code="b">Robert G. Pendell,</subfield><subfield code="c">1933-1934.</subfield></datafield><datafield ind1=" " ind2=" " tag="300"><subfield code="a">v.</subfield></datafield><datafield ind1=" " ind2=" " tag="310"><subfield code="a">Weekly</subfield></datafield><datafield ind1="0" ind2=" " tag="362"><subfield code="a">Vol. 1, no. 1 (Sept. 1, 1933)-v. 2, no. 18 (Dec. 28, 1934).</subfield></datafield><datafield ind1=" " ind2=" " tag="500"><subfield code="a">"An exponent of Roosevelt democracy."</subfield></datafield><datafield ind1=" " ind2="4" tag="651"><subfield code="a">Poughkeepsie (N.Y.)</subfield><subfield code="v">Newspapers.</subfield></datafield><datafield ind1=" " ind2=" " tag="752"><subfield code="a">United States</subfield><subfield code="b">New York</subfield><subfield code="c">Dutchess</subfield><subfield code="d">Poughkeepsie.</subfield></datafield><datafield ind1="0" ind2="0" tag="785"><subfield code="t">Evening review (Poughkeepsie, N.Y.)</subfield><subfield code="w">(DLC)sn 90066275</subfield><subfield code="w">(OCoLC)22435258</subfield></datafield><datafield ind1="1" ind2=" " tag="029"><subfield code="a">AU@</subfield><subfield code="b">000025865079</subfield></datafield></record>